% This file was created with Citavi 6.14.0.0

@book{Adoum.2000,
 author = {Adoum, Jorge Enrique},
 year = {2000},
 title = {{Ecuador: se{\~n}as particulares}},
 address = {Quito},
 urldate = {2021-11-01},
 edition = {6},
 publisher = {{Eskeletra Editorial}}
}


@article{Akerlof.1980,
 author = {Akerlof, George A.},
 year = {1980},
 title = {{A Theory of Social Custom, of Which Unemployment May be One Consequence}},
 urldate = {2021-11-01},
 pages = {749},
 volume = {94},
 number = {4},
 issn = {0033-5533},
 journal = {{The Quarterly Journal of Economics}},
 doi = {10.2307/1885667},
 file = {Akerlof 1980 - A Theory of Social Custom:Attachments/Akerlof 1980 - A Theory of Social Custom.pdf:application/pdf}
}


@article{Ariely.2019,
 author = {Ariely, Dan and Garcia-Rada, Ximena},
 year = {2019},
 title = {{Contagious Dishonesty: Dishonesty begets dishonesty, rapidly spreading unethical behavior through a society}},
 url = {https://www.scientificamerican.com/article/corruption-is-contagious/},
 urldate = {2021-11-07},
 pages = {63--66},
 volume = {321},
 number = {3},
 journal = {{Scientific American}}
}


@article{Ashforth.2003,
 author = {Ashforth, Blake E. and Anand, Vikas},
 year = {2003},
 title = {{The Normalization of Corruption in Organizations}},
 url = {https://asu.pure.elsevier.com/en/publications/the-normalization-of-corruption-in-organizations},
 urldate = {2021-11-07},
 pages = {1--52},
 volume = {25},
 issn = {0191-3085},
 journal = {{Research in Organizational Behavior}},
 doi = {10.1016/S0191-3085(03)25001-2}
}


@misc{Cabrera.2020,
 abstract = {The outcome of Rafael Correa's closely watched trial is likely to affect Ecuador's political landscape for years to come.},
 author = {Le{\'o}n, Jose Mar{\'i}a},
 year = {2020},
 title = {{Ecuador's Former President Convicted on Corruption Charges: The outcome of Rafael Correa's closely watched trial is likely to affect Ecuador's political landscape for years to come.}},
 url = {https://www.nytimes.com/2020/04/07/world/americas/ecuador-correa-corruption-verdict.html},
 urldate = {2021-12-04}
}


@article{Campbell.2014,
 abstract = {[Although theory refers to organizational culture as an important variable in corrupt organizations, only little empirical research has addressed the characteristics of a corrupt organizational culture. Besides some characteristics that go hand in hand with unethical behavior and other features of corrupt organizations, we are still not able to describe a corrupt organizational culture in terms of its underlying assumptions, values, and norms. With a qualitative approach, we studied similarities of organizational culture across different corrupt organizations. In this study, we performed content analysis on interviews of 14 independent experts about their experience with corrupt organizations. With this approach, we gained insights about different corrupt organizations spanning different branches (e.g., government, foreign trade, pharmacy, sports, building industry). We found that corrupt organizations perceive themselves to fight in a war, which leads to their taken-for-granted assumption that {\textquotedbl}the end justifies the means{\textquotedbl}. This assumption inspires many values and norms of the organizational culture. An important value in a corrupt organization is {\textquotedbl}security{\textquotedbl}, and an important norm is punishment of deviant (i.e., non-corrupt) behavior. Furthermore, managers and employees differ in their perception of organizational culture. While the management endorses values, such as success, results, and performance, and implements these values in their norms of goal setting, employees make use of rationalization strategies and endorse values of security and team spirit.]},
 author = {Campbell, Jamie-Lee and G{\"o}ritz, Anja S.},
 year = {2014},
 title = {{Culture Corrupts! A Qualitative Study of Organizational Culture in Corrupt Organizations}},
 url = {http://www.jstor.org/stable/42921339},
 urldate = {2021-11-08},
 pages = {291--311},
 volume = {120},
 number = {3},
 issn = {01674544},
 journal = {{Journal of Business Ethics}}
}


@misc{Carlin.2013,
 author = {Carlin, Ryan E.},
 date = {2013},
 title = {{Violations of the Rule of Law Fuel Tolerance of Bribery in the Americas: Americas Barometer Insights No. 88}},
 url = {https://www.vanderbilt.edu/lapop/insights/IO888en.pdf},
 urldate = {2021-11-09},
 editor = {Hiskey, Jonathan and Seligson, Mitchell A. and Zechmeister, Elizabeth J.},
 institution = {LAPOP}
}


@misc{Castorena.2021,
 author = {Castorena, Oscar},
 date = {2021},
 title = {{Survey Weights in AmericasBarometer data}},
 url = {https://www.vanderbilt.edu/lapop/insights/IMN007en.pdf},
 urldate = {2021-11-03},
 institution = {LAPOP}
}


@article{Castro.2021,
 abstract = {Rosa Cerda es asamble{\'i}sta por Pachakutik. El s{\'a}bado circularon videos en las que se la escucha decir a una audiencia que ``roben bien''. Este es un breve perfil de la legisladora.},
 author = {Castro, Mayuri},
 year = {2021-07-19},
 title = {{?`Qui{\'e}n es Rosa Cerda, la asamble{\'i}sta de Pachakutik?}},
 url = {https://gk.city/2021/07/19/rosa-cerda-asambleista-pachakutik-roben-bien/},
 keywords = {Derechos ind{\'i}genas;Portadas Contexto},
 urldate = {2021-10-22},
 journal = {{GK}}
}


@article{Celi.2020,
 abstract = {El presidente Len{\'i}n Moreno acept{\'o} que los asamble{\'i}stas piden cargos en la administraci{\'o}n p{\'u}blica, aunque neg{\'o} que se hayan entregado hospitales.},
 author = {Celi, Estefan{\'i}a},
 year = {2020-06-15},
 title = {{El reparto de hospitales: el nuevo esc{\'a}ndalo de la actual Asamblea}},
 url = {https://www.primicias.ec/noticias/politica/reparto-hospitales-escandalo-nuevo-actual-asamblea/},
 keywords = {Asamblea Nacional;caso diezmos;C{\'e}sar Litardo;corrupci{\'o}n;Mar{\'i}a Paula Romo},
 urldate = {2021-10-22},
 journal = {{Primicias}}
}


@misc{Cohen.2017,
 date = {2017},
 title = {{The Political Culture of Democracy in the Americas, 2016/17: A comparative study of Democracy and Governance}},
 url = {https://www.vanderbilt.edu/lapop/ab2016/AB2016-17_Comparative_Report_English_V2_FINAL_090117_W.pdf},
 urldate = {2021-10-18},
 editor = {Cohen, Mollie J. and Lupu, Noam and Zechmeister, Elizabeth J.}
}


@misc{Donoso.2018,
 date = {2018},
 title = {{Cultura pol{\'i}tica de la democracia en Ecuador y en las Am{\'e}ricas, 2016/17: Un estudio comparado sobre democracia y gobernabilidad}},
 url = {https://www.vanderbilt.edu/lapop/ecuador/AB2016-17_Ecuador_Country_Report_V3_12.20.18_W_01.15.19.pdf},
 urldate = {2021-10-18},
 editor = {Donoso, Juan Carlos and Moncagatta, Paolo and Moscoso, Arturo and Pachano, Sim{\'o}n and Montalvo, J. Daniel and Zechmeister, Elizabeth J.},
 institution = {{Latin American Public Opinion Project}},
 file = {AB2016-17{\_}Ecuador{\_}Country{\_}Report{\_}V3{\_}12.20.18{\_}W{\_}01.15.19:Attachments/AB2016-17{\_}Ecuador{\_}Country{\_}Report{\_}V3{\_}12.20.18{\_}W{\_}01.15.19.pdf:application/pdf}
}


@article{ElTelegrafo.2016,
 abstract = {El presidente ecuatoriano, Rafael Correa, pidi{\'o} el martes en Nueva York una {\textquotedbl}campa{\~n}a mundial{\textquotedbl} para que se d{\'e} a conocer {\textquotedbl}toda la i...},
 year = {2016-04-12},
 title = {{Presidente Correa pide {\textquotedbl}campa{\~n}a mundial{\textquotedbl} para revelar {\textquotedbl}toda la informaci{\'o}n{\textquotedbl} de 'Panama Papers'}},
 url = {https://www.eltelegrafo.com.ec/noticias/economia/8/presidente-correa-pide-campana-mundial-para-revelar-toda-la-informacion-de-panama-papers},
 urldate = {2021-11-26},
 journal = {{El Tel{\'e}grafo}}
}


@misc{EmpresaPublicaPetroEcuador.2013,
 author = {{Empresa P{\'u}blica PetroEcuador}},
 date = {2013},
 title = {{El petr{\'o}leo en el Ecuador: la nueva era petrolera}},
 url = {https://www.eppetroecuador.ec/wp-content/uploads/downloads/2015/03/El-Petr%C3%B3leo-en-el-Ecuador-La-Nueva-Era.pdf},
 address = {Quito},
 urldate = {2021-10-12},
 edition = {1},
 editor = {Torres, Ercilia},
 institution = {{Empresa P{\'u}blica PetroEcuador}}
}


@article{Espinosa.2021,
 abstract = {La Fiscal{\'i}a formular{\'a} cargos por el presunto delito de falsificaci{\'o}n y uso de documento falso contra Mar{\'i}a Alejandra Vicu{\~n}a y otras 11 personas.},
 author = {Espinosa, Carlos},
 year = {2021-06-23},
 title = {{Fiscal{\'i}a formular{\'a} cargos contra la exvicepresidenta de la Rep{\'u}blica Mar{\'i}a Alejandra Vicu{\~n}a}},
 url = {https://www.elcomercio.com/actualidad/seguridad/fiscalia-cargos-exvicepresidenta-maria-alejandra-vicuna.html},
 keywords = {falsificaci{\'o}n;Mar{\'i}a Alejandra Vicu{\~n}a;MBA;t{\'i}tulo universitario;universidad de guayaquil},
 urldate = {2021-10-22},
 journal = {{El Comercio}}
}


@book{FederalResearchDivision.1991,
 year = {1991},
 title = {{Ecuador : a country study}},
 url = {https://www.loc.gov/item/91009494/},
 address = {Library of Congress},
 urldate = {2021-09-28},
 edition = {3},
 series = {{Area Handbook Series}},
 editor = {Hanratty, Dennis Michael}
}


@article{Gino.2009,
 abstract = {[In a world where encounters with dishonesty are frequent, it is important to know if exposure to other people's unethical behavior can increase or decrease an individual's dishonesty. In Experiment 1, our confederate cheated ostentatiously by finishing a task impossibly quickly and leaving the room with the maximum reward. In line with social-norms theory, participants' level of unethical behavior increased when the confederate was an in-group member, but decreased when the confederate was an out-group member. In Experiment 2, our confederate instead asked a question about cheating, which merely strengthened the saliency of this possibility. This manipulation decreased the level of unethical behavior among the other group members. These results suggest that individuals' unethicality does not depend on the simple calculations of cost-benefit analysis, but rather depends on the social norms implied by the dishonesty of others and also on the saliency of dishonesty.]},
 author = {Gino, Francesca and Ayal, Shahar and Ariely, Dan},
 year = {2009},
 title = {{Contagion and Differentiation in Unethical Behavior: The Effect of One Bad Apple on the Barrel}},
 url = {http://www.jstor.org/stable/40575030},
 pages = {393--398},
 volume = {20},
 number = {3},
 issn = {09567976},
 journal = {{Psychological Science}}
}


@incollection{Hanratty.1991,
 author = {Hanratty, Dennis Michael},
 title = {{Introduction}},
 urldate = {2022-12-10},
 pages = {xxi--xxv},
 series = {{Area Handbook Series}},
 editor = {Hanratty, Dennis Michael},
 booktitle = {{Ecuador : a country study}},
 year = {1991},
 address = {Library of Congress}
}


@misc{Hedgecoe.2009,
 author = {Hedgecoe, Guy},
 year = {2009},
 title = {{Rafael Correa: an Ecuadorian journey}},
 url = {https://www.opendemocracy.net/en/rafael-correa-an-ecuadorian-journey/},
 urldate = {2021-11-26}
}


@article{Holcombe.2015,
 abstract = {Higher levels of government expenditures and more regulation naturally invite corruption, because they provide the opportunity for government officials to be paid off for regulatory favors, subsidies, and government contracts. Some countries have relatively large governments but lower levels of corruption. Scandinavian countries offer examples. While institutional differences may explain some of the cross-country differences in corruption, the most consistent relationship is that high levels of regulation are associated with more corruption. When looking at the effect of the size of government, it is the regulatory state, rather than the productive or redistributive state, that is associated with corruption.},
 author = {Holcombe, Randall G. and Boudreaux, Christopher J.},
 year = {2015},
 title = {{Regulation and corruption}},
 url = {https://link.springer.com/article/10.1007/s11127-015-0263-x},
 urldate = {2021-11-26},
 pages = {75--85},
 volume = {164},
 number = {1-2},
 issn = {0048-5829},
 journal = {{Public Choice}},
 doi = {10.1007/s11127-015-0263-x}
}


@book{Hurtado.2007,
 author = {Hurtado, Oswaldo},
 year = {2007},
 title = {{Las costumbres de los ecuatorianos}},
 address = {Quito},
 urldate = {2021-10-12},
 publisher = {{Editorial Planeta del Ecuador, C.A.}},
 isbn = {9789585446304}
}


@article{Loaiza.2022,
 abstract = {Desde su independencia, el pa{\'i}s se acostumbr{\'o} a vivir con una enorme inestabilidad pol{\'i}tica que ahora padece el presidente Guillermo Lasso},
 author = {Loaiza, Yalil{\'e}},
 year = {2022},
 title = {{Un golpe cada 6 a{\~n}os: la tr{\'a}gica historia de derrocamientos y convulsi{\'o}n social del Ecuador}},
 url = {https://www.infobae.com/america/historia-america/2022/06/25/un-golpe-cada-6-anos-la-tragica-historia-de-derrocamientos-y-convulsion-social-del-ecuador/},
 urldate = {2022-12-11},
 journal = {infobae}
}


@incollection{Lupu.2017,
 author = {Lupu, Noam},
 title = {{Corruption in the Americas}},
 urldate = {2021-10-18},
 pages = {49--67},
 editor = {Cohen, Mollie J. and Lupu, Noam and Zechmeister, Elizabeth J.},
 booktitle = {{The Political Culture of Democracy in the Americas, 2016/17: A comparative study of Democracy and Governance}},
 year = {2017}
}


@article{Maria.742020,
 abstract = {The outcome of Rafael Correa's closely watched trial is likely to affect Ecuador's political landscape for years to come.},
 author = {Mar{\'i}a, Jos{\'e}},
 year = {2020-04-07},
 title = {{Ecuador's Former President Convicted on Corruption Charges}},
 url = {https://www.nytimes.com/2020/04/07/world/americas/ecuador-correa-corruption-verdict.html},
 keywords = {Bribery and Kickbacks;Ecuador;Ethics Misconduct Malfeasance;Politics;Rafael Correa},
 urldate = {2021-11-24},
 issn = {1553-8095},
 journal = {{The New York Times}}
}


@article{Melendez.2017,
 author = {Mel{\'e}ndez, Carlos and Moncagatta, Paolo},
 year = {2017},
 title = {{Ecuador: Una d{\'e}cada de corre{\'i}smo}},
 urldate = {2021-11-26},
 pages = {413--448},
 volume = {37},
 number = {2},
 journal = {{Revista de ciencia pol{\'i}tica (Santiago)}},
 doi = {10.4067/s0718-090x2017000200413},
 file = {Mel{\'e}ndez, Moncagatta 2017 - Ecuador Una d{\'e}cada de corre{\'i}smo:Attachments/Mel{\'e}ndez, Moncagatta 2017 - Ecuador Una d{\'e}cada de corre{\'i}smo.pdf:application/pdf}
}


@misc{Moncagatta.2020,
 date = {2020},
 title = {{The Political Culture of Democracy in Ecuador and in the Americas, 2018/19: Taking the Pulse of Democracy}},
 url = {https://www.vanderbilt.edu/lapop/ecuador/AB2018-19-Ecuador-Country-Report-Eng-V2-W-200903.pdf},
 urldate = {2021-10-12},
 editor = {Moncagatta, Paolo and Moscoso, Arturo and Pachano, Sim{\'o}n and Montalvo, J. Daniel and Zechmeister, Elizabeth J.},
 institution = {{Latin American Public Opinion Project}},
 file = {AB2018-19{\_}Ecuador{\_}Country{\_}Report{\_}V2{\_}W{\_}02.03.20 (1):Attachments/AB2018-19{\_}Ecuador{\_}Country{\_}Report{\_}V2{\_}W{\_}02.03.20 (1).pdf:application/pdf}
}


@incollection{Moncagatta.2020b,
 author = {Moncagatta, Paolo and Poveda, Ana Emilia},
 title = {{The Politicization of Citizens and Ideological Polarization in Ecuador}},
 urldate = {2021-11-26},
 pages = {73--88},
 editor = {Moncagatta, Paolo and Moscoso, Arturo and Pachano, Sim{\'o}n and Montalvo, J. Daniel and Zechmeister, Elizabeth J.},
 booktitle = {{The Political Culture of Democracy in Ecuador and in the Americas, 2018/19: Taking the Pulse of Democracy}},
 year = {2020}
}


@misc{Moncagatta.2020c,
 date = {2020},
 title = {{The Political Culture of Democracy in Ecuador and in the Americas, 2018/19: Taking the Pulse of Democracy}},
 url = {https://www.vanderbilt.edu/lapop/ecuador/AB2018-19-Ecuador-Country-Report-Eng-V2-W-200903.pdf},
 editor = {Moncagatta, Paolo and Moscoso, Arturo and Pachano, Sim{\'o}n and Montalvo, J. Daniel and Zechmeister, Elizabeth J.},
 institution = {{Latin American Public Opinion Project}},
 file = {AB2018-19{\_}Ecuador{\_}Country{\_}Report{\_}V2{\_}W{\_}02.03.20 (1):Attachments/AB2018-19{\_}Ecuador{\_}Country{\_}Report{\_}V2{\_}W{\_}02.03.20 (1).pdf:application/pdf}
}


@incollection{Montalvo.2019,
 author = {Montalvo, J. Daniel},
 title = {{Spotlight on Corruption Tolerance in Ecuador}},
 urldate = {2021-10-12},
 pages = {67},
 editor = {Zechmeister, Elizabeth J. and Lupu, Noam},
 booktitle = {{Pulse of Democracy}},
 year = {2019},
 address = {Nashville, TN}
}


@misc{Morris.2021,
 abstract = {``Corruption

and Purity.''},
 author = {Morris, Stephen},
 date = {2021},
 title = {{Corruption and Anti-Corruption from the Left and Right in the Americas}},
 url = {https://www.bakerinstitute.org/media/files/files/b298016d/bi-brief-072021-usmx-anticorruption.pdf},
 urldate = {2021-11-26},
 publisher = {{James A. Baker III Institute for Public Policy of Rice University}},
 institution = {{Rice University}},
 doi = {10.25613/61ZB-RW45},
 file = {Corruption and Anti-Corruption from the Left and Right in the Americas:Attachments/Corruption and Anti-Corruption from the Left and Right in the Americas.pdf:application/pdf}
}


@incollection{Moscoso.2018,
 author = {Moscoso, Arturo},
 title = {{Corrupci{\'o}n y democracia en el Ecuador: Efectos de la corrupci{\'o}n en la opini{\'o}n p{\'u}blica sobre la democracia, el apoyo al sistema y la tolerancia pol{\'i}tica}},
 urldate = {2021-10-18},
 pages = {85--114},
 editor = {Donoso, Juan Carlos and Moncagatta, Paolo and Moscoso, Arturo and Pachano, Sim{\'o}n and Montalvo, J. Daniel and Zechmeister, Elizabeth J.},
 booktitle = {{Cultura pol{\'i}tica de la democracia en Ecuador y en las Am{\'e}ricas, 2016/17: Un estudio comparado sobre democracia y gobernabilidad}},
 year = {2018}
}


@incollection{Moscoso.2020,
 author = {Moscoso, Arturo and Moncagatta, Paolo},
 title = {{Attitudes Towards Corruption in Ecuador}},
 urldate = {2021-10-12},
 pages = {113--123},
 editor = {Moncagatta, Paolo and Moscoso, Arturo and Pachano, Sim{\'o}n and Montalvo, J. Daniel and Zechmeister, Elizabeth J.},
 booktitle = {{The Political Culture of Democracy in Ecuador and in the Americas, 2018/19: Taking the Pulse of Democracy}},
 year = {2020}
}


@article{Ordonez.2021,
 abstract = {La sanci{\'o}n aprobada con seis votos se aplicar{\'a} una vez que sea notificada la legisladora de Pachakutik en representaci{\'o}n de la provincia de Napo},
 author = {Ord{\'o}{\~n}ez, Vicente},
 year = {2021-08-23},
 title = {{Rosa Cerda por su apolog{\'i}a `roben bien' es suspendida como asamble{\'i}sta por ocho d{\'i}as y sin sueldo}},
 url = {https://www.eluniverso.com/noticias/politica/rosa-cerda-por-su-apologia-roben-bien-es-suspendida-como-asambleista-por-ocho-dias-y-sin-sueldo-nota/},
 urldate = {2021-10-22},
 journal = {{El Universo}}
}


@article{Orozco.2015,
 abstract = {A diferencia de la crisis que vivi{\'o} el pa{\'i}s en el 2009, el Gobierno deber{\'a} enfrentar un 2015 sin ahorros y con escenario externo m{\'a}s complejo.},
 author = {Orozco, M{\'o}nica},
 year = {2015},
 title = {{Las crisis del 2009 y 2015 son distintas}},
 url = {https://www.elcomercio.com/actualidad/negocios/crisis-2009-2015-son-distintas.html},
 urldate = {2021-12-11},
 journal = {{El Comercio}}
}


@misc{Ortiz.2013,
 abstract = {CIDOB Barcelona Centre for International Affairs},
 editor = {Ortiz, Roberto},
 year = {2013},
 title = {{Rafael Correa Delgado: Biograf{\'i}as de L{\'i}deres Pol{\'i}ticos}},
 url = {https://www.cidob.org/biografias_lideres_politicos/america_del_sur/ecuador/rafael_correa_delgado},
 urldate = {2021-11-26}
}


@article{Pesantes.9152020,
 abstract = {La Fiscal{\'i}a proces{\'o} a exfuncionarios y proveedores, dentro del caso de delincuencia organizada en la compra de insumos en el hospital del IESS.},
 author = {Pesantes, Karla},
 year = {2020-09-15},
 title = {{Esc{\'a}ndalo de corrupci{\'o}n en hospital del IESS suma siete nuevos acusados}},
 url = {https://www.primicias.ec/noticias/lo-ultimo/corrupcion-hospital-iess-nuevos-acusados/},
 keywords = {Bucaram;corrupci{\'o}n;Daniel Salcedo;Fiscal{\'i}a;Guayaquil;IESS;Luis Jairala Zunino},
 urldate = {2021-11-24},
 journal = {{Primicias}}
}


@article{PlanV.2021,
 year = {2021-07-20},
 title = {{La asamble{\'i}sta que dijo `si roben, roben bien' se enreda m{\'a}s}},
 url = {https://www.planv.com.ec/confidenciales/confidencial-politica/la-asambleista-que-dijo-si-roben-roben-bien-se-enreda-mas},
 urldate = {2021-12-13},
 journal = {{Plan V}}
}


@article{Quillupangui.2016,
 abstract = {Un 58 {\%} de la poblaci{\'o}n desaprueba la gesti{\'o}n del presidente de Ecuador, Rafael Correa, seg{\'u}n una encuesta difundida hoy por la firma Cedatos, que record{\'o} que el gobernante comenz{\'o} su mandato en 2007 con un {\textquotedbl}registro in{\'e}dito{\textquotedbl} del 73 {\%} de aprobaci{\'o}n.},
 author = {Quillupangui, Soraya},
 year = {2016},
 title = {{Un 58{\%} de la poblaci{\'o}n desaprueba la gesti{\'o}n del presidente Rafael Correa, seg{\'u}n Cedatos}},
 url = {https://www.elcomercio.com/actualidad/politica/desaprueba-gestion-rafaelcorrea-ecuador-cedatos.html},
 keywords = {cedatos;Econom{\'i}a;Ecuador;encuestas},
 urldate = {2021-10-30},
 journal = {{El Comercio}}
}


@article{Shleifer.1993,
 author = {Shleifer, A. and Vishny, R. W.},
 year = {1993},
 title = {{Corruption}},
 urldate = {2021-10-19},
 pages = {599--617},
 volume = {108},
 number = {3},
 issn = {0033-5533},
 journal = {{The Quarterly Journal of Economics}},
 doi = {10.2307/2118402},
 file = {corruption QJE:Attachments/corruption QJE.pdf:application/pdf}
}


@article{Shleifer.1993b,
 author = {Shleifer, A. and Vishny, R. W.},
 year = {1993},
 title = {{Corruption}},
 urldate = {2021-10-19},
 pages = {599--617},
 volume = {108},
 number = {3},
 issn = {0033-5533},
 journal = {{The Quarterly Journal of Economics}},
 doi = {10.2307/2118402},
 file = {corruption QJE:Attachments/corruption QJE.pdf:application/pdf}
}


@incollection{Singer.2016,
 author = {Singer, Matthew M. and Carlin, Ryan E. and Love, Gregory J.},
 title = {{Corruption in the Americas}},
 urldate = {2021-11-09},
 pages = {143--163},
 editor = {Zechmeister, Elizabeth J.},
 booktitle = {{The Political Culture of Democracy in the Americas, 2014: Democratic Governance across 10 Years of the AmericasBarometer}},
 year = {2016}
}


@article{Siverson.2014,
 abstract = {We address the consequences of corruption within a state on the extent to which populations have shortened life expectancy due to political corruption. Using three variables to estimate corruption, the results support the expectation that corruption increases average disability shortened life years (DALY). The results persist when estimating the model including measures of deaths from civil war and the number of bordering states experiencing civil war, both previously shown to have an effect on DALY, although these two variables are not statistically significant in our models. While the estimated effects of the corruption variables continue to capture much of the variation in DALY for a global group of nations, they completely fail to explain any variation in Sub-Saharan African states, probably because of the devastating effects of AIDS and malaria in that region. Finally, we discuss why this failure occurs and discuss the implications of our results.},
 author = {Siverson, Randolph M. and Johnson, Richard A.I.},
 year = {2014},
 title = {{Politics and Parasites: The Contribution of Corruption to Human Misery}},
 url = {http://www.jstor.org/stable/24017858},
 urldate = {2021-11-26},
 pages = {199--206},
 volume = {58},
 number = {1},
 issn = {00208833},
 journal = {{International Studies Quarterly}}
}


@article{Taj.2021,
 abstract = {A wave of corruption scandals is exposing how the powerful and well-connected in South America jumped the line to get vaccines early. Public dismay is turning into anger.},
 author = {{Taj,, Mitra} and Politi, Daniel},
 year = {2021-02-25},
 title = {{`V.I.P. Immunization' for the Powerful Rattles South America}},
 url = {https://www.nytimes.com/2021/02/25/world/americas/covid-south-america-vaccine-corruption.html?},
 keywords = {Argentina;Brazil;Coronavirus;Corruption;COVID-19;Disease Rates;Ecuador;Pandemic;Peru;Politics;South America;Suriname;Vaccines Immunization},
 urldate = {2021-10-22},
 issn = {1553-8095},
 journal = {{The New York Times}}
}


@misc{Telegrafo.2016,
 abstract = {El presidente ecuatoriano, Rafael Correa, pidi{\'o} el martes en Nueva York una {\textquotedbl}campa{\~n}a mundial{\textquotedbl} para que se d{\'e} a conocer {\textquotedbl}toda la i...},
 author = {Tel{\'e}grafo, El},
 year = {2016},
 title = {{Presidente Correa pide {\textquotedbl}campa{\~n}a mundial{\textquotedbl} para revelar {\textquotedbl}toda la informaci{\'o}n{\textquotedbl} de 'Panama Papers'}},
 url = {https://www.eltelegrafo.com.ec/noticias/economia/8/presidente-correa-pide-campana-mundial-para-revelar-toda-la-informacion-de-panama-papers},
 urldate = {12/10/2022}
}


@book{Villavicencio.2019,
 author = {Villavicencio, Fernando and Zurita and Christan},
 year = {2019},
 title = {{Arroz Verde: La Industria del Soborno}},
 address = {Quito},
 urldate = {2021-11-29},
 edition = {1},
 publisher = {{Editorial La Fuente}},
 institution = {{La Fuente Periodismo de Investigaci{\'o}n}}
}


@misc{Weisbrot.2017,
 author = {Weisbrot, Mark and Johnston, Jake and Merling, Lara},
 date = {2017},
 title = {{Decade of Reform: Ecuador's Macroeconomic Policies, Institutional Changes, and Results}},
 url = {https://cepr.net/images/stories/reports/ecuador-2017-02.pdf},
 address = {Washington DC},
 urldate = {2021-10-30},
 institution = {{Center for Economic and Policy Research}}
}


@misc{Zechmeister.2016,
 date = {2016},
 title = {{The Political Culture of Democracy in the Americas, 2014: Democratic Governance across 10 Years of the AmericasBarometer}},
 url = {http://www.vanderbilt.edu/lapop/ab2014/AB2014_Comparative_Report_English_V3_Updated_040517_W.pdf},
 urldate = {2021-11-09},
 editor = {Zechmeister, Elizabeth J.},
 institution = {LAPOP}
}


@misc{Zechmeister.2019,
 date = {2019},
 title = {{Pulse of Democracy}},
 url = {https://www.vanderbilt.edu/lapop/ab2018/2018-19_AmericasBarometer_Regional_Report_10.13.19.pdf},
 address = {Nashville, TN},
 urldate = {2021-10-19},
 edition = {1},
 editor = {Zechmeister, Elizabeth J. and Lupu, Noam},
 institution = {LAPOP}
}


